% -- Conference Proceedings --

@Preamble
{
    {
    \newcommand{\bibciac}[2]{Proceedings of the #1 Conference on Algorithms and Complexity (CIAC'#2)}
    \newcommand{\bibdac}[2]{Proceedings of the #1 Annual Design Automation Conference (DAC'#2)}
    \newcommand{\bibinvisau}[1]{Proceedings of the Australian Symposium on Information Visualisation (invis.au #1)}
    \newcommand{\bibieeepdp}[2]{Proceedings of the #1 IEEE Symposium on Parallel and Distributed Processing #2}
    \newcommand{\bibieeecs}[1]{Proceedings of the IEEE International Symposium on Circuits and Systems #1}
    \newcommand{\bibcccg}[2]{Proceedings of the #1 Canadian Conference on Computational Geometry (CCCG'#2)}
    \newcommand{\bibswat}[2]{Proceedings of the #1 Scandinavian Workshop on Algorithm Theory (SWAT'#2)}
    \newcommand{\bibipco}[2]{Proceedings of the #1 International Conference on Integer Programming and Combinatorial Optimization (IPCO'#2)}
    \newcommand{\bibsofsem}[2]{Proceedings of the #1 Conference on Current Trends in Theory and Practice of Computer Science (SOFSEM'#2)}
    \newcommand{\bibstoc}[2]{Proceedings of the #1 Annual ACM Symposium on Theory of Computing (STOC'#2)}
    \newcommand{\bibfocs}[2]{Proceedings of the #1 Annual Symposium on Foundations of Computer Science (FOCS'#2)}
    \newcommand{\bibsoda}[2]{Proceedings of the #1 Annual ACM-SIAM Symposium on Discrete Algorithms (SODA'#2)}
    \newcommand{\bibgd}[2]{Proceedings of the #1 International Symposium on Graph Drawing (GD'#2)}
    \newcommand{\bibinfovis}[1]{Proceedings of the IEEE Symposium on Information Visualization (InfoVis'#1)}
    \newcommand{\bibvis}[1]{Proceedings of the IEEE Conference on Visualization (Vis'#1)}
    \newcommand{\bibpvis}[1]{Proceedings of the IEEE Pacific Visualisation Symposium (PacificVis'#1)}
    \newcommand{\bibsoftvis}[2]{Proceedings of the #1 ACM Symposium on Software Visualization (SoftVis'#2)}
    \newcommand{\bibeurocg}[2]{Proceedings of the #1 European Workshop on Computational Geometry (EuroCG'#2)}
    \newcommand{\bibsocg}[2]{Proceedings of the #1 Annual Symposium on Computational Geometry (SoCG'#2)}
    \newcommand{\bibwads}[2]{Proceedings of the #1 International Symposium on Algorithms and Data Structures (WADS'#2)}
    \newcommand{\bibwg}[2]{Proceedings of the #1 Workshop on Graph-Theoretic Concepts in Computer Science (WG'#2)}
    \newcommand{\bibgta}{Proceedings of the Conference at Graph Theory and Applications}
    \newcommand{\bibisaac}[2]{Proceedings of the #1 International Symposium on Algorithms and Computation (ISAAC'#2)}
    \newcommand{\bibcocoon}[2]{Proceedings of the #1 Annual International Conference on Computing and Combinatorics (COCOON'#2)}
    \newcommand{\bibtamc}[2]{Proceedings of the #1 Annual Conference on Theory and Applications of Models of Computation (TAMC'#2)}
    \newcommand{\bibicalp}[2]{Proceedings of the #1 International Colloquium on Automata, Languages and Programming (ICALP'#2)}
    \newcommand{\biblatin}[2]{Proceedings of the #1 Latin American Symposium (LATIN'#2)}
    \newcommand{\bibesa}[2]{Proceedings of the #1 Annual European Symposium on Algorithms (ESA'#2)}
    }
}


% -- Publisher --

@String{SV-BH
= {Springer Berlin\slash Heidelberg}}

@String{SV-INT
= {Springer International Publishing}}

@String{SV-NY
= {Springer New York}}

@String{SV-J
= {Springer Japan}}

@String{SV-L
= {Springer London}}

@String{SV-N
= {Springer Netherlands}}

@String{SV-US
= {Springer US}}

@String{SV
= {Springer-Verlag}}

@String{SIAM
= {Society for Industrial and Applied Mathematics}}

@String{IEEE
= {IEEE Computer Society}}

@String{Elsevier
= {Elsevier Science Publishers}}

@String{ACM
= {ACM Press}}

@String{WScientific
= {World Scientific Publishing}}

@String{MSP
= {Mathematical Sciences Publishers}}

@String{WILEY-VCH
= {WILEY-VCH Verlag Berlin GmbH}}

@String{JohnWiley
= {John Wiley & Sons, Ltd.}}

@String{CRC
= {Chapman and Hall/CRC}}

@String{Prentice
= {Prentice Hall PTR}}

@String{INFORMS
= {INFORMS}}

@String{CUP
= {Carleton University Press}}

@String{ACS
= {Australian Computer Society}}

@String{DUP
= {Duke University Press}}


% -- Journals --

@String{IJFCS
= {International Journal of Foundations of Computer Science}}    

@String{Comb
= {Combinatorica}}

@String{JDA
= {Journal of Discrete Algorithms}}

@String{IPL
= {Information Processing Letters}}

@String{DCG
= {Discrete \& Computational Geometry}}

@String{CGTA
= {Computational Geometry: Theory and Applications}}

@String{JCSS
= {Journal of Computer and System Sciences}}

@String{AI
= {Acta Informatica}}

@String{Algorithmica
= {Algorithmica}}

@String{SICOMP
= {SIAM Journal on Computing}}

@String{SJADM
= {SIAM Journal on Algebraic and Discrete Methods}}

@String{SJDM
= {SIAM Journal on Discrete Mathematics}}

@String{IJCGA
= {International Journal of Computational Geometry \& Applications}}

@String{TCS
= {Theory of Computing Systems}}

@String{TCSc
= {Theoretical Computer Science}}

@String{PJM
= {Pacific Journal of Mathematics}}

@String{AJM
= {American Journal of Mathematics}}

@String{Acta
= {Acta Scientiarum Mathematicarum}}

@String{ActaMS
= {Acta Mathematica Sinica}}

@String{ActaMAS
= {Acta Mathematicae Applicatae Sinica}}

@String{DM
= {Discrete Mathematics}}

@String{DAM
= {Discrete Applied Mathematics}}

@String{AMJCU
= {Applied Mathematics -- A Journal of Chinese Universities}}

@String{JGAA
= {Journal of Graph Algorithms and Applications}}

@String{ENDM
= {Electronic Notes in Discrete Mathematics}}

@String{JACM
= {Journal of the ACM}}

@String{ACMTA
= {ACM Transactions on Algorithms}}

@String{ZMLGM
= {Zeitschrift f\"ur Mathematische Logik und Grundlagen der Mathematik}}

@String{FM
= {Fundamenta Mathematicae}}

@String{GC
= {Graphs and Combinatorics}}

@String{Order
= {Order}}

@String{IEEETC
= {IEEE Transactions on Computers}}

@String{PLMS
= {Proceedings of the London Mathematical Society}}

@String{CoRR
= {Computing Research Repository}}

@String{IEEETSMC
= {IEEE Transactions on Systems, Man and Cybernetics}}

@String{IEEETSE
= {IEEE Transactions on Software Engineering}}

@String{IEEETCS
= {IEEE Transactions on Circuits and Systems}}

@String{IEEETCADICS
= {IEEE Transactions on Computer-Aided Design of Integrated Circuits and Systems}}

@String{ProcIEEE
= {Proceedings of the IEEE}}

@String{IRETEC
= {IRE Transactions on Electronic Computers}}
                  
@String{Integration
= {Integration, the \{VLSI\} Journal}}

@String{TAMS
= {Transactions of the American Mathematical Society}}

@String{OR
= {Operations Research}}

@String{InfoVis
= {Information Visualization}}

@String{JGT
= {Journal of Graph Theory}}
                  
@String{JSS
= {Journal of Systems and Software}}

@String{SPE
= {Software: Practice and Experience}}

@String{Netw
= {Networks}}

@String{JEA
= {Journal of Experimental Algorithmics}}

@String{JAlg
= {Journal of Algorithms}}

@String{ASC
= {Applied Soft Computing}}

@String{DMJ
= {Duke Mathematical Journal}}


% -- Series --

@String{LNCS
= {Lecture Notes in Computer Science}}

@String{LNM
= {Lecture Notes in Mathematics}}

@String{CRPIT
= {Conferences in Research and Practice in Information Technology}}


% -- Miscellaneous --
                  
@String{UniArizonaCS
= {University of Arizona, Department of Computer Science}}

@String{UniKyotoMathPhys
= {Kyoto University, Department of Applied Mathematics \& Physics}}